% This file was created with JabRef 2.6.
% Encoding: UTF8

@PHDTHESIS{EN_NUN_AGGING,
  author = {\cjk{于海涛}},
  title = {\cjk{英语名词性标记研究}},
  school = {\cjk{北京语言大学外国语学院英语系}},
  year = {2007},
  abstract = {在英语中,除了名词具有名词性外,动词不定式、动名词和某些形容词也具有名词性。名词性的主要标记是语法分布特征和屈折变化特征, 些标记有强势和弱势之分。强势标记和多重标记标示较强的名词性,这单一的弱势标记则标示较弱的名词性
	, 标 记 的 出现 则 标 示 极 低 的 名 词 性 , 至 可 表 明 名 词 性 的 彻 底 丧 失 。名词 零甚性 有强有弱这
	一语言事实表明 : 词范畴是原型范畴 , 其他词类范畴有交集 ,名与因此, 词不定式 、 名词和某些形动动容 词 也 可 归 属
	于 名 词 范 畴 , 是 它们 的 名 词 性 相 对较 弱 。},
  owner = {cai},
  timestamp = {2010.12.27}
}

@MISC{STATMT,
  author = {\cjk{刘群}},
  title = {\cjk{统计机器翻译}},
  howpublished = {\url{http://www.nlp.org.cn/docs/docredirect.php?doc_id=1254}},
  month = {1\cjk{月}},
  year = {2009\cjk{年}},
  note = {\cjk{于洛阳解放军外国语大学}},
  url = {http://www.nlp.org.cn/docs/docredirect.php?doc_id=1254}
}

@PHDTHESIS{YACC_LA_TAGGING_AND_HIDE,
  author = {\cjk{戴祖旭} and \cjk{洪 帆} and \cjk{郭腊顺} and \cjk{廖军华}},
  title = {\cjk{用} YCAC \cjk{实现基于词性标记文法的文本信息隐藏}},
  school = {\cjk{华中科技大学计算机科学与技术学院}},
  year = {2006},
  owner = {cai},
  timestamp = {2010.12.27}
}

@PHDTHESIS{LR_LATable_min,
  author = {\cjk{温敬和} and cjk{庞艳霞} and \cjk{王娜}},
  title = {\cjk{使用} LR \cjk{分析表的词法分析器与分析表最小化}},
  school = {\cjk{上海第二工业大学计算机与信息学院}},
  year = {2007},
  owner = {cai},
  timestamp = {2010.12.27}
}

@ARTICLE{LA_OF_NLP,
  author = {\cjk{田霓光}},
  title = {\cjk{自然语言的词法分析}},
  journal = {\cjk{咸宁学院学报}},
  year = {2008},
  volume = {28},
  pages = {70-73},
  number = {06},
  month = {12},
  owner = {cai},
  school = {咸宁学院},
  timestamp = {2010.12.27}
}

@PHDTHESIS{HMM_Based_Part_Of_Speech_Tagging,
  author = {\cjk{胡春静} and \cjk{韩兆强}},
  title = {\cjk{基于隐马尔可夫模型} (HMM ) \cjk{的词性标注的应用研究}},
  school = {\cjk{北京邮电大学}},
  year = {2002}
}

@PHDTHESIS{LAInNLP,
  author = {\cjk{黄莉}},
  title = {\cjk{词法分析在自然语言处理中的地位和作用}},
  school = {\cjk{宝鸡文理学院}},
  year = {2010},
  owner = {microcai},
  timestamp = {2010.12.27}
}

@BOOK{Compilers_Principles_Techniques_and_Tools,
  title = {\cjk{编译原理}(Compilers: Principles, Techniques, and, Tools) [M]},
  publisher = {\cjk{机械工业出版社}},
  year = {2009},
  author = {Alferd V.Aho and Ravi Sethi and Jeffery D.Ullman}
}


@Manual{Lex,
title = {Lex~--~A Lexical Analyser Generator},
author = {M.E.Lesk and E.Schmidt},
url = {\url{http://dinosaur.compilertools.net/lex/lex.ps}}
}

@Manual{flex,
title = {fex~--~A Fast Lexical Analyser Generator},
author = {Vern Paxson and Jef Poskanzer},
url = {\url{http://dinosaur.compilertools.net/flex/flex.ps}}
year = 1995
}


