@Book{Compilers_Principles_Techniques_and_Tools,
author = {Alferd V.Aho and Ravi Sethi and Jeffery D.Ullman}, 
title = {编译原理(Compilers: Principles,Techniques,and,Tools)[M]},
publisher = {机械工业出版社},
year = {2009},
OPTkey = {},
OPTvolume = {},
OPTnumber = {},
OPTseries = {},
OPTaddress = {},
OPTedition = {},
OPTmonth = {},
OPTannote = {}
}


@Misc{统计机器翻译,
author = {刘群},
title = {统计机器翻译},
howpublished = {\url{http://www.nlp.org.cn/docs/docredirect.php?doc_id=1254}},
month = {1月},
year = {2009年},
note = {于洛阳解放军外国语大学},
}
